
@misc{bradburnetal11,
  author = {M. Bradburn and A. Keller and B. Horness},
  year = 2011,
  title = {The 2003 to 2008 U.S. West Coast bottom trawl surveys of groundfish resources off Washington, Oregon, and California: estimates of distribution, abundance, length, and age composition},
  howpublished = {Tech. Rep. NMFS-NWFSC-114, U.S. Department of Commerce, Seattle, WA}}

@misc{grandinetal20,
  author = {C. J. Grandin and K. F. Johnson and A. M. Edwards and A. M. Berger},
  year = 2020,
  title = {Status of the Pacific Hake (whiting) stock in U.S. and Canadian waters in 2020},
  howpublished = {Prepared by the Joint Technical Committee of the U.S. and Canada Pacific Hake/Whiting Agreement, National Marine Fisheries Service and Fisheries and Oceans Canada. 273 p.}}

@misc{kelleretal17,
  author = {A. A. Keller and J. R. Wallace and R. D. Methot},
  year = 2017,
  title = {The Northwest Fisheries Science Centerâ€™s west coast groundfish bottom trawl survey: History, design, and description},
  howpublished =  {Seattle, WA: NOAA}}

@misc{lauth99,
  author = {R. R. Lauth},
  year = 1999,
  title = {The 1997 Pacific West Coast Upper Continental Slope Trawl Survey of Groundfish Resources off Washington, Oregon, and California: Estimates of Distribution, Abundance, and Length Composition},
  howpublished = {U.S. Department of Commerce, NOAA Technical Memorandum NMFSAFSC-98}}

@misc{lauth00,
  author = {R. R. Lauth},
  year = 2000,
  title = {The 1999 Pacific West Coast Upper Continental Slope Trawl Survey of Groundfish Resources off Washington, Oregon, and California: Estimates of Distribution, Abundance, and Length Composition},
  howpublished = {U.S. Department of Commerce, NOAA Technical Memorandum NMFSAFSC-115}}

@misc{lauth01,
  author = {R. R. Lauth},
  year = 2001,
  title = {The 2000 Pacific West Coast Upper Continental Slope Trawl Survey of Groundfish Resources off Washington, Oregon, and California: Estimates of Distribution, Abundance, and Length Composition},
  howpublished = {U.S. Department of Commerce, NOAA Technical Memorandum NMFSAFSC-120}}

@article{milleretal18,
  author = {T. J. Miller and L. O'Brien and P. S. Fratantoni},
  year = 2018,
  title = {Temporal and environmental variation in growth and maturity and effects on management reference points of {G}eorges {B}ank {A}tlantic cod},
  journal = {Canadian Journal of Fisheries and Aquatic Sciences},
  volume = 75,
  number = 12,
  pages = {2159--2171},
  note = {doi: 10.1139/cjfas-2017-0124}}

@misc{stewarthamel10,
  author = {I. J. Stewart and O. S Hamel},
 year = 2010,
 title = {Stock Assessment of {P}acific Hake, \textsl{{M}erluccius productus}, (a.k.a. Whiting) in U.S. and Canadian Waters in 2010},
 howpublished = {Available at http://www.pcouncil.org/groundfish/stock-assessments/by-species/pacific-whiting-hake}}
 
@article{warlicketal18,
  author = {A. Warlick and E. Steiner and M. Guldin},
  year = 2018,
  title = {History of the West Coast groundfish trawl fishery: Tracking socioeconomic characteristics across different management policies in a multispecies fishery},
  journal = {Marine Policy},
  volume = 93,
  pages = {9--21}}
  
@misc{weinbergetal02,
  author = {K. L. Weinberg and M. E. Wilkins and F. R. Shaw and M. Zimmermann},
  year =2002,
  title ={The 2001 {P}acific {W}est {C}oast Bottom Trawl Survey of Groundfish Resources: Estimates of Distribution, Abundance, and Length and Age Composition},
  note = {{U}.{S}. {D}epartment of {C}ommerce, {NOAA} {T}echnical {M}emorandum {NMFS-AFSC}-128}}

    
