
@article{baudronetal11,
  author = { A. R. Baudron and C. L. Needle and C. T. Marshall},
  year = 2011,
  title = {Implications of a warming {N}orth {S}ea for the growth of haddock \textsl{{M}elanogrammus aeglefinus}},
  journal = {\jfb},
  volume = 78,
  number = 7,
  pages = {1874--1889},
  note = {doi: 10.1111/j.1095-8649.2011.02940.x}}

@article{black09,
 author = {B. A. Black},
 title = {{Climate-driven synchrony across tree, bivalve, and rockfish growth-increment chronologies of the northeast Pacific}},
 year = 2009,
 journal = {\meps},
 volume = 378,
 pages = {37--46},
 doi = {10.3354/meps07854},
 note = {doi: 10.3354/meps07854}}

@misc{bradburnetal11,
  author = {M. Bradburn and A. Keller and B. Horness},
  year = 2011,
  title = {{The 2003 to 2008 U.S. West Coast bottom trawl surveys of groundfish resources off Washington, Oregon, and California: estimates of distribution, abundance, length, and age composition}},
  howpublished = {{Tech. Rep. NMFS-NWFSC-114, U.S. Department of Commerce, Seattle, WA}}}

@BOOK{burnhamanderson02,
	author = {K. P. Burnham and D. R. Anderson},
	year = 2002,
	title = {Model selection and multimodel inference: a practical information-theoretic approach},
	publisher = {Springer-Verlag},
	address = {New York}}
	
@misc{grandinetal20,
  author = {C. J. Grandin and K. F. Johnson and A. M. Edwards and A. M. Berger},
  year = 2020,
  title = {{Status of the Pacific Hake (whiting) stock in U.S. and Canadian waters in 2020}},
  howpublished = {{Prepared by the Joint Technical Committee of the U.S. and Canada Pacific Hake/Whiting Agreement, National Marine Fisheries Service and Fisheries and Oceans Canada. 273 p.}}}

@article{katsanevakis08,
author = {Katsanevakis, Stelios and Maravelias, Christos D.},
year = 2008,
title = {Modelling fish growth: multi-model inference as a better alternative to a priori using von Bertalanffy equation},
journal = {Fish and Fisheries},
volume = {9},
number = {2},
pages = {178-187},
keywords = {Bertalanffy, fish growth, information theory, model selection uncertainty, multi-model inference},
doi = {10.1111/j.1467-2979.2008.00279.x},
note = {doi: 10.1111/j.1467-2979.2008.00279.x}}

@misc{kelleretal17,
  author = {A. A. Keller and J. R. Wallace and R. D. Methot},
  year = 2017,
  title = {The {Northwest Fisheries Science Centerâ€™s} West Coast groundfish bottom trawl survey: History, design, and description},
  howpublished =  {Seattle, WA: NOAA}}

@misc{lauth99,
  author = {R. R. Lauth},
  year = 1999,
  title = {The 1997 Pacific West Coast Upper Continental Slope Trawl Survey of groundfish resources off Washington, Oregon, and California: Estimates of distribution, abundance, and length composition},
  howpublished = {{U.S. Department of Commerce, NOAA Technical Memorandum NMFSAFSC-98}}}

@misc{lauth00,
  author = {R. R. Lauth},
  year = 2000,
  title = {{The 1999 Pacific West Coast Upper Continental Slope Trawl Survey of groundfish resources off Washington, Oregon, and California: Estimates of distribution, abundance, and length composition}},
  howpublished = {{U.S. Department of Commerce, NOAA Technical Memorandum NMFSAFSC-115}}}

@misc{lauth01,
  author = {R. R. Lauth},
  year = 2001,
  title = {{The 2000 Pacific West Coast Upper Continental Slope Trawl Survey of groundfish resources off Washington, Oregon, and California: Estimates of distribution, abundance, and length composition}},
  howpublished = {{U.S. Department of Commerce, NOAA Technical Memorandum NMFSAFSC-120}}}

@article{lesteretal04,
author = {Lester, N. P.  and Shuter, B. J.  and Abrams, P. A. },
title = {Interpreting the von Bertalanffy model of somatic growth in fishes: the cost of reproduction},
journal = {Proceedings of the Royal Society of London. Series B: Biological Sciences},
volume = {271},
number = {1548},
pages = {1625-1631},
year = {2004},
doi = {10.1098/rspb.2004.2778},
note = {doi: 10.1098/rspb.2004.2778}}

@article{milleretal18,
  author = {T. J. Miller and L. O'Brien and P. S. Fratantoni},
  year = 2018,
  title = {Temporal and environmental variation in growth and maturity and effects on management reference points of {G}eorges {B}ank {A}tlantic cod},
  journal = {Canadian Journal of Fisheries and Aquatic Sciences},
  volume = 75,
  number = 12,
  pages = {2159--2171},
  doi = {10.1139/cjfas-2017-0124},
  note = {doi: 10.1139/cjfas-2017-0124}}

@article{quinceetal08,
title = {Biphasic growth in fish I: Theoretical foundations},
journal = {Journal of Theoretical Biology},
volume = {254},
number = {2},
pages = {197-206},
year = {2008},
doi = {10.1016/j.jtbi.2008.05.029},
note = {doi: 10.1016/j.jtbi.2008.05.029},
author = {Christopher Quince and Peter A. Abrams and Brian J. Shuter and Nigel P. Lester}}

@BOOK{quinnderiso99,
	author = {T. J. Quinn and R. B. Deriso},
	year = 1999,
	title = {Quantitative Fish Dynamics},
  publisher = {Oxford University Press},
  note = {542pp.}}

@article{stawitzetal15,
  author = {C. C. Stawitz and T. E. Essington and T. A. Branch and M. A. Haltuch and A. B. Hollowed and P. D. Spencer},
  year = 2015,
  title = {A state-space approach for detecting growth variation and application to {N}orth {P}acific groundfish},
  journal = {\cjfas},
  volume = 72,
  number = 9,
  pages = {1316--1328}}

@misc{stewarthamel10,
  author = {I. J. Stewart and O. S Hamel},
 year = 2010,
 title = {{Stock Assessment of {P}acific Hake, \textsl{{M}erluccius productus}, (a.k.a. Whiting) in U.S. and Canadian waters in 2010}},
 howpublished = {Available at http://www.pcouncil.org/groundfish/stock-assessments/by-species/pacific-whiting-hake}}
 
@article{warlicketal18,
  author = {A. Warlick and E. Steiner and M. Guldin},
  year = 2018,
  title = {{History of the West Coast groundfish trawl fishery: Tracking socioeconomic characteristics across different management policies in a multispecies fishery}},
  journal = {Marine Policy},
  volume = 93,
  pages = {9--21}}
  
@misc{weinbergetal02,
  author = {K. L. Weinberg and M. E. Wilkins and F. R. Shaw and M. Zimmermann},
  year =2002,
  title ={The 2001 {P}acific {W}est {C}oast Bottom Trawl Survey of Groundfish Resources: Estimates of distribution, abundance, and length and age Composition},
  howpublished = {{U}.{S}. {D}epartment of {C}ommerce, {NOAA} {T}echnical {M}emorandum {NMFS-AFSC}-128}}

    
